2796 4988
674 353 714 417 18

118 532 215 605 tuam,
239 527 406 603 iusticiam,
431 527 539 604 fidem,
564 527 725 610 pietatem,
750 527 1009 609 temperanciam,
1033 527 1273 609 integritatem,

117 632 351 717 plurimamque
375 633 567 695 industriam
591 638 622 695 et
649 632 853 714 sapiencism,
877 632 918 694 ob
942 632 1025 715 quod
1050 633 1176 696 etrite
1200 655 1270 698 cau·

116 738 180 800 tius
204 737 376 802 declinabis
392 738 485 814 mala,
509 743 540 800 et
555 736 684 822 fugabis
708 738 747 800 ab
764 736 844 818 alijs,
870 758 947 820 quos
971 737 1124 800 divinitus
1148 736 1268 802 collata
1308 720 1310 749 ¹

115 841 175 905 tibi
199 843 372 906 auctoritas
386 842 564 926 supposuit.
610 841 723 926 ltaque
746 842 892 905 universa
907 842 974 905 vita
997 846 1052 905 tua
1068 843 1266 927 singularem

115 969 239 1030 semper
262 969 351 1011 usum
385 947 498 1010 habuit
521 948 701 1030 prudencie.
748 946 803 1011 Set
825 968 928 1010 mores
955 947 1172 1032 institutaque
1195 949 1266 1028 rite,

117 1051 232 1135 quibus
263 1053 414 1134 privatim
446 1053 531 1115 intra
562 1052 733 1116 domestica
767 1053 945 1134 penetralia
974 1053 1013 1115 ad
1036 1057 1067 1115 te
1100 1056 1266 1139 totamque

116 1156 269 1219 familiam
293 1156 383 1219 fuisti
406 1157 638 1232 ornatissimus,
662 1157 766 1219 dicere
782 1158 905 1220 omitto.
952 1155 1114 1241 Siquidem
1140 1159 1175 1221 in
1194 1160 1265 1222 meis

117 1259 288 1341 ephimeris
317 1282 353 1323 ea
383 1261 508 1343 plenius
544 1260 765 1343 copiosiusque
788 1260 898 1323 metris
923 1260 1040 1343 ligavi,
1070 1295 1105 1306 -
1131 1284 1264 1346 quorum

117 1366 269 1428 memoria
292 1387 353 1430 non
378 1388 427 1429 me
450 1367 514 1428 iam
529 1365 734 1448 subterfugit,
758 1370 794 1427 ut
817 1365 929 1428 horum
947 1365 1119 1449 aliquando
1144 1388 1265 1431 correc-

118 1470 253 1533 tioribus
266 1471 428 1534 intendam
438 1493 549 1555 -que
563 1472 623 1534 tibi
635 1471 758 1534 utinam
768 1471 980 1555 placidissime
995 1471 1182 1535 cecinissem
1196 1524 1203 1539 .
1217 1524 1225 1538 .
1240 1522 1263 1536 ..

119 1574 217 1659 [folgt
240 1575 290 1638 ein
317 1576 371 1639 lob
403 1577 458 1639 der
484 1577 641 1658 tugenden
669 1573 960 1660 Gossembrotsl...
985 1576 1067 1639 Saue
1090 1577 1155 1660 hijs
1179 1579 1265 1643 adiu·

120 1680 253 1743 tricibus
271 1680 352 1744 hanc
370 1686 507 1744 veterem
526 1680 773 1764 rempublicam,
793 1701 887 1762 quam
904 1681 961 1744 deo
978 1680 1105 1745 favente
1122 1682 1162 1763 [f.
1181 1683 1267 1766 295⁵]
1308 1718 1310 1771 ᾗ

119 1783 195 1848 licet
217 1785 354 1847 dirutam
380 1785 441 1848 iam
467 1786 593 1870 iamque
616 1785 826 1868 conspicimus
842 1821 880 1830 —-
894 1786 989 1866 longo
1006 1791 1151 1869 tempore
1174 1789 1270 1854 fuisso
1308 1774 1310 1847 ἶ

117 1889 262 1952 floridam
286 1911 491 1972 sepenumero
513 1890 605 1954 testis
628 1897 675 1953 est
701 1888 867 1953 Salustius.
915 1888 1027 1974 Neque
1049 1892 1090 1955 ob
1113 1891 1198 1957 alias
1222 1915 1268 1958 res

119 1993 209 2056 Maro
232 1999 348 2073 noster,
373 1997 499 2079 quando
522 2018 594 2059 suas
617 1996 763 2078 proprias
780 1995 978 2058 condiciones
1000 1997 1141 2079 regionis
1167 1999 1271 2063 cuius·

117 2099 202 2181 piam
219 2099 384 2162 definiret:
419 2100 486 2164 »Tu
504 2122 623 2185 regere,
647 2102 764 2184 inquit,
787 2101 922 2182 imperio
946 2102 1090 2184 populos,
1116 2102 1270 2184 Romane,

118 2209 287 2268 memento.
322 2204 390 2268 llec
406 2205 466 2268 tibi
487 2212 569 2268 artes
585 2210 679 2269 erunt
696 2206 845 2289 pacisque
857 2206 1019 2288 imponere
1031 2229 1180 2273 nomen.‹
1204 2209 1272 2276 Hoc

118 2331 212 2392 quarn
235 2309 486 2391 pulcherrimum
503 2309 671 2391 imperium
695 2309 769 2385 fuit,
793 2311 866 2372 dum
902 2313 1017 2375 morati
1042 2313 1196 2398 doctique
1221 2337 1271 2380 ca·

118 2419 280 2495 pesserent
296 2415 385 2494 illud,
410 2415 527 2478 iterum
550 2415 708 2498 gloriatur
721 2413 831 2478 Cicero
848 2437 908 2498 pro
924 2439 970 2495 eo,
995 2419 1078 2501 quod
1096 2419 1273 2501 plurimam

119 2520 291 2584 utilitatem
331 2521 400 2603 ipse
431 2521 562 2604 ingenio
595 2520 820 2603 probitateque
854 2541 910 2583 sua
940 2523 1121 2588 contulerit.
1186 2525 1274 2591 Dicit

117 2649 253 2711 namque
264 2629 301 2691 ad
312 2626 347 2702 Q.
359 2626 502 2706 fratrem,
520 2627 639 2692 facturn
651 2629 897 2711 gubernatorem
907 2626 1003 2711 Asye,
1019 2649 1273 2695 commemorans

119 2732 249 2795 comoda
264 2734 418 2815 sapientie
434 2739 466 2796 et
484 2734 612 2796 virtutis
629 2735 674 2796 rei
698 2733 824 2815 publice
847 2733 1029 2815 profutura:
1055 2732 1107 2798 »Si
1125 2735 1174 2798 eis
1199 2737 1273 2801 talis

117 2836 259 2900 condicio
282 2837 365 2900 inest
388 2839 530 2901 doctrine
556 2843 588 2900 et
612 2859 747 2914 morum,
771 2838 824 2921 qui
849 2837 983 2920 imperio
1007 2839 1072 2901 eius
1095 2841 1272 2922 preficiun-

116 2945 180 3017 tur,
206 2941 343 3024 qualiter
359 2941 427 3025 ipse
443 2943 594 3026 profuit«
614 2943 669 3023 ait,
685 2943 827 3028 inquam,
848 2944 930 3026 quod
948 2945 1081 3007 fortasse
1096 2944 1272 3029 aliquando

119 3047 264 3109 universe
288 3048 332 3109 rei
358 3048 483 3130 publice
507 3049 675 3131 contingit,
712 3053 748 3111 ut
773 3049 824 3111 hic
848 3048 973 3111 meam¹
997 3071 1152 3112 summam
1180 3056 1271 3134 pote·

117 3155 231 3214 statem
257 3152 406 3228 haberet,
439 3154 489 3217 cui
518 3155 552 3216 in
586 3154 738 3232 doctrina,
762 3154 813 3216 cui
837 3156 869 3216 in
893 3156 1012 3218 virtute
1034 3159 1131 3239 atque
1157 3156 1274 3222 huma·

119 3257 220 3319 nitate
250 3257 454 3341 percipienda
491 3259 665 3341 plurimum
703 3282 721 3322 a
754 3260 896 3343 puericia
930 3259 1026 3341 studij
1061 3260 1207 3346 fuisse[t]
1244 3267 1275 3327 et

119 3362 280 3444 temporis.
336 3361 439 3436 Quare
472 3365 614 3446 pulcrius
650 3371 684 3428 tu
708 3366 901 3448 gubernabis
931 3372 1055 3448 sceptra
1077 3366 1275 3445 tribunatus,

118 3465 250 3528 consilio
283 3467 410 3531 adiutus
442 3470 647 3533 scientiarum
684 3477 715 3534 et
737 3471 1032 3553 probatissimorum
1056 3492 1195 3538 morum.
1241 3472 1274 3538 Si

117 3576 201 3634 artes
224 3572 256 3633 in
280 3572 393 3654 primis
427 3574 498 3638 volo
528 3575 722 3654 meminisse,
757 3597 837 3658 quae
869 3582 901 3639 te
922 3577 1106 3655 oblectant,
1143 3577 1273 3644 invenio

118 3673 262 3758 profecto
273 3679 444 3742 maximum
463 3684 624 3743 tesaurum
640 3681 809 3744 literarum
827 3681 859 3743 in
884 3687 916 3744 te
931 3682 1137 3746 cumulatum.
1163 3682 1272 3748 Habes
1308 3760 1310 3765 Ι

117 3802 176 3862 pro
199 3781 405 3847 fundamento
430 3785 627 3849 beatissimas
650 3787 771 3865 literas,
802 3809 863 3870 que
879 3787 1027 3850 erudiunt
1051 3787 1090 3850 ad
1115 3789 1269 3853 eternita-

118 3893 192 3967 tem,
207 3890 322 3972 quibus
334 3896 521 3954 ornamenta
537 3892 727 3956 elocuciouis
740 3892 922 3972 adiunxisti,
938 3897 974 3955 ut
986 3891 1148 3975 perfectus
1161 3894 1270 3958 rhetor
1308 3888 1310 3901 '

118 3999 289 4077 oratorque
312 3995 344 4058 in
364 3993 454 4059 'omni
478 4017 594 4080 genere
612 3998 735 4062 dicendi
760 3999 986 4083 integerrimus
1003 3999 1150 4065 videaris.
1189 3999 1266 4074 Quas

120 4100 246 4182 quidem
271 4104 355 4163 artes
371 4138 412 4148 —
429 4102 455 4165 si
479 4102 523 4166 ita
548 4103 609 4167 dici
633 4103 748 4167 debent
764 4140 807 4150 —
822 4103 1071 4186 preclarissimus
1098 4103 1260 4188 fraglanti·
1302 4092 1310 4103 ¹

118 4201 200 4267 bus'
224 4207 359 4269 adornas
382 4207 550 4287 coloribus,
573 4214 610 4272 ut
633 4212 716 4273 recte
739 4230 866 4287 omnes,
891 4209 945 4292 qui
969 4209 1168 4295 dulciloquos
1189 4205 1258 4271 sales

683 4360 700 4397 s

191 4433 202 4487 1
224 4430 316 4485 Statt:
335 4430 364 4484 in
384 4449 455 4487 eam.
528 4435 544 4486 2
563 4433 744 4503 :fragrare
763 4450 783 4485 s.
808 4431 996 4497 Dieffenbach‚
1015 4435 1137 4491 Glossar.
1156 4450 1175 4488 s.
1191 4431 1213 4484 h.
1227 4447 1256 4494 r,
