2796 4988
684 303 726 368 28

677 517 732 588 12.

129 641 256 714 Ulrich
303 640 543 712 Gessembrot
589 662 638 710 an
677 637 874 709 Hermann
917 637 1081 711 Schedel.
1150 638 1275 737 [Auge-

565 760 672 856 burg]
706 762 805 834 1458
821 756 842 832 ¹.

128 914 191 971 clm.
210 913 262 967 224
280 915 299 967 f.
319 910 789 982 358b¹·ff.0rigina1.-elm.424
807 911 826 964 f.
836 911 889 966 318
898 909 929 966 ff.
964 909 1112 966 Abschrift
1125 911 1275 968 Hartmam

210 1000 348 1056 Schedsls.
386 1002 442 1054 Aua
460 999 550 1054 dieser
574 999 619 1055 die
634 1000 805 1070 jabreszabl.
845 999 871 1054 S.
891 999 962 1055 anch
985 1000 1072 1053 nnten
1093 1017 1135 1052 nr.
1158 1000 1204 1057 2&

227 1107 381 1172 Riihmt
404 1106 581 1171 Schedel
603 1107 669 1171 als
692 1107 954 1171 humanisten
978 1106 1055 1170 und
1079 1110 1187 1172 arzt.

218 1247 385 1313 Udalricus
415 1245 623 1331 Gossemprot
654 1247 790 1312 salutem
826 1247 998 1331 plurimam
1036 1245 1116 1311 dicit
1155 1246 1275 1313 domino

127 1355 312 1419 Hermanno
336 1375 392 1418 suo
416 1353 639 1417 colendissimo
672 1353 795 1417 maiori.
841 1350 1040 1435 Quamquam
1063 1372 1124 1416 nec
1146 1351 1213 1417 mei
1234 1352 1274 1418 iu·

128 1459 247 1545 genioli
271 1459 392 1523 viribus
423 1479 480 1523 nec
501 1458 728 1522 exercitatione
758 1459 796 1521 ad
822 1461 947 1521 tantum
975 1455 1090 1534 virum,
1115 1461 1214 1523 tanto
1234 1479 1273 1522 sa·

126 1563 251 1647 piencia
281 1568 312 1626 et
336 1564 526 1628 auctoritate
554 1563 792 1626 ornatissimum
819 1563 956 1625 scribere
984 1560 1099 1624 audere
1123 1562 1273 1638 deberem,

126 1690 197 1733 cum
214 1665 427 1752 praesertim²
451 1668 540 1732 nulla
556 1668 773 1751 superioribus
792 1667 988 1750 temporibus
1006 1669 1080 1729 ante
1097 1688 1208 1732 meum
1228 1668 1272 1733 ad·

126 1778 255 1838 ventum
279 1774 497 1838 intercesserit
524 1774 570 1836 vis
595 1772 765 1850 amiciciae,
790 1779 894 1837 tamen
928 1793 987 1855 pro
1011 1771 1135 1856 ingenii
1159 1772 1272 1839 viribus

128 1884 348 1964 quantumque
371 1878 449 1943 mihi
472 1879 609 1943 facultas
633 1879 867 1963 suppeditabit,
891 1879 1025 1942 scribam
1050 1876 1112 1942 hoc
1134 1882 1272 1962 tempore

125 1986 164 2048 ad
189 1989 239 2065 le,
272 1985 321 2047 vir
342 1984 523 2050 clarissime.
570 1983 638 2048 Nec
661 1985 743 2048 enim
775 2006 845 2047 sum
869 1989 933 2047 tam
963 1983 1051 2046 tenui
1081 1981 1271 2065 cogitatione

124 2090 297 2172 praeditus,
322 2090 483 2174 quodnisi
505 2096 578 2154 tuae
604 2091 791 2154 confiderem
813 2089 1007 2154 humanitati
1022 2088 1196 2171 singulari,
1220 2109 1272 2174 qua

124 2215 243 2274 omnes,
267 2195 453 2278 praesertim
478 2196 655 2280 genitorem
681 2217 784 2259 meum
808 2194 1042 2277 complecteris,
1074 2192 1184 2258 minus
1205 2214 1271 2276 pru·

125 2301 236 2363 denter
259 2299 403 2366 facerem.
459 2299 621 2364 Persuasit
656 2302 782 2386 quidem
804 2306 861 2364 tua
884 2300 1082 2373 humanitas,
1108 2319 1198 2362 meas
1220 2295 1269 2362 tibi

124 2405 245 2483 literae,
262 2404 508 2491 qualescumque
526 2412 637 2485 essent,
654 2408 851 2491 gratissimas
870 2407 944 2484 lore,
961 2406 1014 2470 ille
1030 2405 1139 2484 etiam,
1157 2405 1215 2489 qui
1229 2405 1269 2468 ius

123 2510 288 2592 proprium
318 2515 572 2596 perpetuumque
596 2512 627 2574 in
653 2534 703 2575 me
725 2511 831 2591 habet,
855 2534 925 2575 cum
953 2512 991 2574 de
1014 2509 1078 2573 tuis
1101 2509 1269 2573 virtutibus

123 2636 226 2679 sermo
242 2615 413 2692 incidisset,
437 2616 538 2696 iussit,
563 2621 599 2680 ut
617 2623 658 2693 te,
684 2617 731 2678 vir
747 2615 960 2693 celeberrime,
984 2615 1170 2698 diligerem,
1195 2614 1268 2679 cole·

123 2741 190 2782 rem
212 2741 248 2783 ac
271 2742 426 2799 amarem,
451 2721 533 2804 quod
559 2722 626 2804 ipse
650 2741 843 2804 magnopere
866 2719 954 2797 facit,
979 2742 1048 2784 oum
1073 2719 1111 2782 ad
1136 2718 1268 2783 alterum

123 2828 207 2888 certe
231 2825 343 2888 borum
375 2825 520 2907 exemplo
549 2825 813 2909 testimonioque,
847 2826 885 2888 ad
909 2829 1080 2908 utrumque
1099 2844 1177 2888 vero
1201 2822 1269 2888 satis

121 2929 243 2992 valeret
266 2930 466 3007 auctoritate,
491 2938 560 2995 tum
584 2952 646 3015 quo
662 2932 845 3015 prompcior
857 2953 954 2996 essem
971 2935 1098 3013 praeter
1122 2951 1169 3004 ea,
1195 2948 1267 3015 quae

122 3035 223 3098 multa
246 3035 284 3098 de
308 3041 340 3098 te
352 3034 483 3115 dixerat,
507 3036 647 3100 ostendit
670 3037 839 3120 epistulam
873 3042 960 3101 tuam
989 3057 1045 3100 suo
1069 3033 1266 3118 magistratui

121 3138 281 3203 faventem
298 3138 321 3219 ³,
353 3141 530 3225 elegantem
561 3164 636 3206 sane
669 3145 702 3206 et
731 3142 889 3206 suavitate
921 3141 1046 3224 plenam
1078 3161 1115 3204 ac
1142 3140 1177 3203 in
1212 3160 1267 3224 qua

121 3244 257 3308 maxime
288 3249 325 3308 ut
355 3246 387 3309 in
423 3249 550 3330 speculo
579 3247 752 3310 virbonus
786 3248 923 3329 prudens
947 3251 978 3309 et
1001 3247 1112 3309 doctus
1135 3245 1266 3310 eluceret

122 3348 204 3414 band
230 3351 389 3434 ambiguis
412 3352 523 3434 signis,
547 3375 610 3436 qua
633 3375 671 3415 ex
694 3374 728 3415 re
753 3357 905 3437 quantam
918 3353 1022 3415 anime
1043 3351 1262 3414 iocunditatem

121 3456 258 3535 ceperim
282 3476 344 3518 non
367 3455 461 3521 facile
484 3457 627 3522 dixerim.
674 3457 824 3521 Plautum
854 3458 939 3521 enim
962 3462 1124 3522 vetustum
1148 3475 1261 3522 comoe-

120 3560 244 3625 diarum
279 3563 467 3646 scriptorem
499 3569 531 3628 et
559 3564 748 3628 faceciarnm
782 3569 946 3647 parentem
972 3570 1043 3628 tuos
1066 3568 1199 3646 penates
1218 3561 1258 3624 in·

120 3665 222 3729 colere
246 3673 279 3731 et
302 3667 509 3732 humanitatis
543 3670 701 3753 hospitem
725 3672 890 3754 perspexi,
914 3670 1119 3755 quamobrem
1144 3669 1212 3733 iure
1230 3683 1258 3729 ac

119 3771 234 3835 merito
261 3777 334 3837 tuae
358 3773 471 3852 famae,
488 3776 639 3858 dignitati
662 3776 846 3860 gloriaeque
862 3775 961 3854 faveo,
983 3798 1053 3840 cum
1070 3795 1179 3839 omnes
1195 3791 1254 3857 gra·

192 3949 202 3999 l
225 3943 294 4000 Daue
314 3947 362 4000 der
382 3946 456 4002 brief
472 3949 543 4004 noch
561 3948 591 4002 iu
603 3883 753 4019 Angsburg
771 3948 950 4017 gesehrieben
963 3949 1007 4012 ist,
1027 3966 1103 4003 muss
1117 3965 1183 4004 man
1195 3943 1263 4002 wohl

118 4034 188 4088 nach
209 4032 272 4087 dem
292 4034 376 4088 »haec
387 4034 469 4088 urbs«
490 4036 528 4092 im
549 4038 609 4090 text
628 4037 962 4108 [p.291.2]annehmen.
994 4037 1078 4093 Soust
1091 4043 1165 4093 ware
1182 4047 1276 4102 ungo-

117 4137 283 4189 zwungener
300 4119 398 4174 Padna
417 4140 451 4174 zu
470 4125 622 4179 vermuten.
712 4125 927 4181 2Gossembrot
950 4125 1072 4179 schreibt
1100 4125 1143 4180 als
1161 4119 1292 4178 sehale!

117 4207 255 4263 Guarinus
273 4208 376 4262 bereita
394 4225 436 4274 ae,
456 4209 535 4264 nicht
554 4228 576 4274 e,
596 4211 663 4266 aber
680 4211 759 4265 nieht
782 4215 951 4280 consequent
970 4212 1026 4265 und
1048 4213 1118 4267 auch
1139 4210 1207 4267 wohl
1223 4223 1302 4259 ul

116 4294 235 4349 falseher
254 4295 349 4358 stelle;
369 4313 390 4350 a.
409 4296 459 4351 das
472 4298 648 4354 Homercitat
666 4303 753 4354 unten
779 4318 805 4371 p.
824 4300 894 4357 301.
915 4303 931 4356 6
951 4318 976 4359 v.
995 4319 1021 4355 u.
1123 4300 1196 4356 blut
1211 4294 1307 4349 de!

116 4382 188 4437 oben
206 4399 247 4436 nr.
267 4383 284 4437 9
304 4381 455 4454 gedruclrte
473 4385 553 4442 brief.
