2796 4988
744 340 785 405 70

195 515 272 580 teris
295 514 478 582 consulibus
502 518 576 581 dare
593 516 708 594 velitis,
733 538 795 600 quo
819 515 868 579 vir
888 514 1003 599 aliquis
1027 515 1239 599 experientia
1260 517 1343 584 scim-

194 622 306 706 cicque
335 621 478 704 preditus
512 622 726 698 conducatur,
760 621 815 705 qui
843 620 883 684 ab
914 619 1097 684 huiusmodi
1131 620 1246 706 longis
1275 621 1343 707 lege·

194 727 338 792 cionibus
361 748 410 790 me
433 726 573 791 relevare
596 727 717 810 possit,
750 748 813 810 quo
836 724 942 790 officio
965 745 1035 788 meo
1059 725 1208 808 quietius
1234 748 1341 810 preeae

195 831 325 898 valeam.
387 829 544 895 Putabam
573 832 711 910 etenim,
747 853 803 914 per
834 829 972 895 officium
998 829 1081 894 istud
1123 830 1208 895 mihi
1250 831 1342 897 melin

196 960 290 1023 quam
313 940 407 1001 antea
440 936 616 1019 provisum,
650 958 757 1000 verum
782 935 937 999 istomodo
960 933 1149 998 clarissimis
1173 937 1341 1002 racionibu

196 1065 246 1108 me
269 1040 497 1106 deterioratum
522 1041 738 1105 demonstrare
764 1040 837 1105 seio.
873 1037 1003 1122 Fungor
1026 1039 1113 1103 enim
1137 1041 1273 1107 nomine
1287 1063 1341 1125 pro

196 1146 409 1213 tonotariatus
431 1145 499 1209 sine
518 1145 626 1210 fructu
642 1145 724 1209 sicut
751 1145 891 1228 episcopi
916 1144 1100 1210 nullatenus
1114 1146 1152 1229 (1)
1177 1145 1280 1212 titulo
1293 1147 1343 1211 sinc

197 1253 382 1337 episcopatu
416 1253 448 1314 et
480 1271 576 1335 cogor
603 1250 758 1315 istomodo
791 1272 848 1333 per
870 1250 1079 1314 substitutum
1103 1251 1256 1335 supleri,
1278 1250 1341 1335 quod

197 1381 259 1423 non
284 1360 411 1421 tantum
434 1355 660 1438 dampnosum,
684 1378 792 1440 ymmo
815 1356 1025 1420 verecundum
1049 1355 1132 1420 mihi
1156 1364 1209 1422 est
1227 1405 1234 1422 .

285 1462 415 1545 Raptim
450 1483 487 1525 cx
512 1458 649 1525 Wieuna
683 1462 733 1525 die
768 1461 878 1526 martis
914 1464 986 1544 post
1015 1461 1217 1527 dominicam
1250 1461 1344 1528 Judia

199 1590 282 1633 anno
306 1571 366 1633 etc.
392 1565 468 1631 LX0.

287 1670 504 1759 V[aleutinus]
531 1672 640 1756 hiber]
663 1672 848 1737 licentiatus
871 1676 929 1735 etc.

743 2003 803 2074 31.

202 2148 394 2220 Hermann
427 2146 580 2219 Schedel
609 2169 657 2218 an
691 2145 906 2217 Hartmanu
935 2144 1101 2219 Sohodel.
1161 2149 1349 2244 Augsburg

608 2267 737 2363 [1460]
768 2269 862 2361 april
893 2267 949 2340 21.

453 2423 515 2477 clm.
535 2423 586 2476 418
605 2422 625 2478 f.
644 2422 717 2477 26211.
756 2421 899 2476 Abschrift
917 2421 1099 2476 Hartmanns.

203 2547 511 2613 Wiederholter
534 2545 939 2630 gldckwunsehaur
962 2546 1352 2628 magisterwfirde.

202 2652 581 2735 bintsehuldigung
604 2650 675 2713 der
697 2650 848 2713 anrede
872 2649 940 2712 mit
963 2651 1018 2715 du.
1060 2648 1352 2719 Nachriohten

506 2777 598 2818 vom
621 2756 788 2818 bruder
810 2753 1051 2820 Johannes.

289 2894 328 2958 Se
343 2899 446 2958 totum
462 2895 606 2977 plurima·
616 2916 686 2958 cum
703 2895 815 2958 salute.
850 2894 968 2958 Patrue
984 2897 1214 2963 amantissime.
1257 2897 1352 2964 Habui

202 3000 420 3086 superioribus
444 3002 553 3066 diebus
583 3001 708 3064 litteras
732 3006 802 3064 tuas
831 3000 911 3064 mihi
935 3002 1062 3086 quidem
1086 3006 1355 3087 pergratissimas,

201 3110 234 3172 in
259 3107 373 3192 quibus
397 3110 571 3170 testatum
595 3107 752 3190 finemque
784 3128 969 3189 prosperum
995 3107 1180 3192 magisterii
1200 3110 1212 3145 ¹
1239 3132 1352 3175 assecu-

202 3219 268 3278 tum
294 3233 360 3277 esse
383 3211 505 3286 scribis,
529 3217 560 3275 et
576 3211 722 3295 profecto
738 3212 850 3277 attulit
866 3213 923 3276 hec
949 3233 1055 3277 recens
1071 3216 1125 3276 tue
1142 3214 1354 3297 promocionis

203 3324 234 3383 et
258 3318 386 3382 honoris
402 3316 579 3399 amplitudo
595 3321 716 3380 tantam
732 3319 837 3381 auimo
854 3339 923 3381 meo
936 3317 1181 3398 iocunditatem,
1206 3325 1353 3406 quantam

203 3428 287 3491 certe
309 3442 386 3506 erga
409 3427 440 3485 te
463 3426 495 3485 et
517 3421 593 3485 fides
617 3428 649 3486 et
671 3423 889 3486 benivolencia
910 3445 980 3488 mea
1003 3423 1116 3487 afferre
1153 3428 1279 3508 potuit.
1325 3427 1357 3490 u

203 3531 263 3594 nisi
287 3527 470 3594 discrimina
494 3527 617 3590 viarum
641 3548 677 3591 ac
694 3548 808 3610 guerre
824 3525 1060 3610 multipharie²
1086 3529 1300 3597 imminentes
1314 3554 1357 3597 me

203 3634 452 3719 prohibuissent,
469 3637 572 3695 tecum
586 3632 649 3714 hijs
664 3632 774 3696 diebus
787 3633 996 3715 personaliter
1015 3630 1089 3720 [me]
1108 3634 1358 3702 constituissem.

205 3743 408 3823 Quecumque
424 3758 501 3821 ergo
517 3759 598 3801 nova
614 3736 751 3821 percipis
767 3735 780 3774 ⁸
797 3739 834 3801 de
850 3743 915 3802 tam
932 3738 1117 3803 detestanda
1134 3739 1359 3809 involucione⁴
1390 3772 1392 3815 ᾗ

204 3845 383 3928 principum
408 3847 439 3906 et
462 3865 522 3926 que
545 3843 813 3921 coniectarentur,
838 3865 887 3907 me
902 3844 1007 3928 sepius
1023 3845 1199 3910 cerciorem
1224 3870 1287 3931 per
1309 3856 1359 3916 tua
1390 3826 1392 3901 ἶ

773 3967 789 4002 *

276 4054 288 4106 l
309 4051 367 4107 cod.
386 4051 463 4105 illius
482 4052 539 4120 vgl.
559 4052 630 4109 oben
649 4069 670 4104 s.
689 4054 723 4107 64
742 4069 816 4107 anm.
837 4053 860 4105 1.
938 4053 955 4106 2
976 4053 1030 4107 Der
1048 4051 1130 4122 krieg
1149 4070 1207 4110 von
1230 4058 1305 4115 1460
1322 4059 1362 4113 be·

204 4159 280 4213 genn
301 4139 402 4195 bereits
421 4157 466 4194 am
486 4143 508 4194 5.
528 4140 600 4210 april
620 4139 673 4193 mit
701 4140 750 4194 der
768 4140 1018 4210 kriegserkltrung
1038 4138 1171 4208 Ludwigs
1191 4143 1220 4198 d.
1240 4144 1362 4202 Reichen

204 4246 294 4300 gagen
323 4227 471 4283 uichststt.
533 4228 628 4283 3c0d.
650 4229 782 4298 percepis.
837 4226 1067 4290 4Dieffenbach‚
1090 4227 1202 4284 Gloss.:
1234 4233 1364 4290 verwick·

204 4316 282 4385 lung.
321 4315 352 4368 [n
372 4315 460 4370 dieser
475 4314 664 4370 Wattenbach
683 4316 891 4384 (Forschungen
912 4315 957 4379 XI,
976 4315 1038 4386 361>
1066 4312 1240 4388 aufferrigen
1269 4320 1366 4377 bedeu-

205 4404 277 4473 tnng
296 4402 391 4472 htufig
409 4402 453 4457 bei
473 4402 596 4461 schedel.
