2796 4988
747 318 788 384 66

189 499 386 565 iuventutem
410 499 584 563 exercitant
617 503 648 561 et
672 498 710 560 sd
733 497 991 581 investigandum
1024 495 1152 579 plenius
1178 501 1212 560 et
1235 516 1343 580 propo·

190 604 326 669 nendum
350 604 495 667 audatius
519 602 689 667 iuvenilem
712 602 850 666 titillant
873 608 993 666 etatem
1013 607 1045 664 et
1060 601 1205 665 virorum
1229 601 1342 665 illumi-

190 715 338 775 natorum
362 715 438 772 tunc
463 708 661 790 presencium
685 711 775 771 tanto
791 707 987 790 peramplius
1011 706 1158 772 doctrine
1180 706 1338 788 perlucida

190 816 298 892 claret,
326 818 445 899 quanto
469 812 632 894 copiosius
656 810 838 876 effunditur.

278 917 345 982 Hec
377 919 422 981 sic
453 940 472 980 a
506 940 555 980 me
585 922 716 980 exarata
740 918 878 998 benigna
908 937 980 979 cum
1004 915 1254 998 supportseione
1278 937 1341 998 egre

190 1023 274 1087 ferre
297 1043 358 1086 non
382 1020 497 1098 velitis,
528 1020 644 1084 obnixe
670 1040 758 1102 rogo.
808 1017 888 1083 Cum
912 1020 994 1082 enim
1019 1019 1076 1082 heo
1102 1018 1184 1082 mihi
1208 1019 1339 1103 displici-

194 1127 269 1191 bilia
292 1128 419 1210 scriptis
442 1127 486 1190 sic
510 1125 586 1188 meis
610 1125 808 1207 improbem,
832 1125 937 1207 pelam
962 1125 1127 1207 increpare
1150 1146 1217 1188 non
1241 1125 1340 1202 audeo,

191 1253 340 1295 nemore
362 1231 498 1294 forsitan
523 1231 723 1313 quorundam
757 1230 852 1292 matri
883 1250 952 1292 mee
982 1232 1014 1292 et
1036 1229 1263 1292 consuetudini
1286 1230 1341 1293 eius

194 1337 359 1401 detrahere
383 1337 498 1399 videar.
548 1333 709 1411 1111111,
743 1355 804 1417 que
828 1333 999 1416 aliquando
1022 1333 1054 1395 in
1080 1331 1194 1396 Ytalia
1217 1334 1341 1416 respexi,

192 1465 322 1506 narrare
344 1465 396 1506 me
418 1463 481 1505 non
504 1441 604 1524 piget.
653 1438 778 1503 Vivunt
794 1438 870 1503 Itali
906 1440 944 1502 ad
968 1438 1181 1522 prescriptum
1206 1438 1341 1515 racionis,

191 1549 310 1611 habent
333 1548 433 1611 eciam
456 1546 557 1628 ipsam
581 1545 804 1629 frugalitatem
822 1545 1019 1626 magistram,
1043 1565 1220 1628 numquam
1243 1565 1341 1628 sump-

192 1653 291 1717 tuosis
315 1651 466 1733 convivijs
501 1672 631 1735 operam
664 1651 760 1727 dant,
793 1650 980 1714 collaciones
1014 1649 1153 1713 serotine
1189 1656 1272 1732 aput
1301 1669 1343 1713 eos

193 1779 365 1841 numquam
391 1757 487 1834 fiunt,
511 1762 560 1818 set
585 1775 636 1817 eas
659 1754 911 1837 despectissimae
934 1754 1067 1830 habent,
1091 1774 1153 1816 non
1180 1753 1344 1838 indulgent

196 1861 326 1945 delicijs
352 1884 413 1946 que
435 1862 557 1924 animos
582 1860 748 1924 bominum
770 1864 802 1923 et
825 1880 959 1941 corpora
982 1857 1173 1935 dissolvunt,
1198 1863 1250 1922 set
1275 1863 1344 1922 tem-

193 1973 302 2049 perato
326 1988 451 2049 semper
474 1972 609 2029 utuntur
633 1966 729 2043 rictu,
753 1968 867 2028 ornato
892 1964 1033 2048 quidem,
1050 1984 1113 2046 quo
1140 1969 1264 2027 natura
1287 1965 1348 2046 ipsa

193 2095 250 2155 pro
273 2075 322 2136 sui
344 2073 574 2136 sustentocione
590 2074 802 2136 contentatur.
849 2068 922 2133 Non
947 2069 1147 2132 arbitrantur
1172 2070 1274 2133 seed
1298 2091 1347 2152 pa·

192 2181 278 2241 stum
312 2177 404 2239 etad
428 2177 612 2239 servitutem
636 2176 755 2240 ventris
779 2179 887 2253 natos,
911 2180 947 2237 ut
969 2173 1076 2256 plures
1098 2195 1136 2236 ex
1160 2175 1287 2238 nostris
1310 2176 1350 2239 ri·

193 2283 311 2360 demus,
335 2285 384 2344 set
399 2302 435 2343 ea
465 2282 570 2343 omnia
597 2286 759 2364 tamquam
789 2280 953 2345 exicialem
986 2301 1021 2343 ae
1043 2283 1166 2362 pestem
1192 2282 1349 2363 pernicio

193 2409 260 2450 11111
283 2388 480 2451 detestantur
503 2389 534 2448 et
551 2386 689 2468 fugiunt.
737 2384 849 2449 Sciunt
870 2386 965 2462 enim,
990 2384 1048 2448 bec
1063 2385 1174 2466 magni
1194 2407 1265 2450 esse
1294 2388 1349 2450 im·

197 2492 371 2574 pedimenti
395 2491 432 2552 ad
457 2490 560 2553 studia
584 2490 758 2554 laudabilia
781 2492 980 2573 capescenda.

281 2596 313 2661 Si
330 2598 440 2680 itaque
455 2596 577 2672 maiori,
602 2617 696 2678 quam
713 2595 814 2674 licuit,
839 2597 873 2658 in
895 2595 1061 2659 scribendo
1076 2594 1137 2657 sim
1154 2616 1233 2658 usus
1259 2598 1352 2661 liber·

193 2706 270 2778 tate,
295 2724 357 2765 non
381 2703 413 2764 in
438 2701 554 2764 malam
578 2705 634 2763 aut
660 2703 692 2762 in
717 2722 784 2763 eam
809 2700 941 2763 sumatis
964 2703 1111 2781 partem,
1145 2701 1197 2762 uti
1223 2701 1277 2766 ius
1300 2703 1353 2767 ali·
1387 2782 1389 2791 Ι

195 2807 276 2889 quod
302 2807 334 2868 in
351 2826 516 2887 personam
540 2811 679 2868 vestram
700 2806 867 2870 vendicare
890 2826 1082 2888 presumam.
1130 2804 1288 2873 Delectat
1310 2832 1355 2874 me
1386 2794 1389 2881 1

194 2910 397 2974 familiaritas
420 2910 572 2988 omnium,
597 2931 730 2991 quorum
746 2911 865 2974 noticia
882 2911 1031 2974 maiorem
1056 2911 1170 2992 prebet
1200 2915 1234 2976 in
1264 2916 1354 2979 fami·
1386 2888 1389 2981 l

193 3017 333 3079 liaritate
356 3016 503 3080 fiduciam
523 3016 544 3079 ¹.

742 3333 801 3404 28.

195 3486 387 3558 Hermann
409 3481 562 3554 Schedel
587 3505 635 3553 an
659 3481 851 3577 [Wilhelm
874 3506 908 3554 v.
921 3482 1208 3576 Reiohenau.(‘l)
1236 3485 1355 3580 Augs-

611 3606 707 3698 burg
749 3603 887 3700 14601]
902 3602 926 3676 ².

429 3760 491 3815 olm.
511 3759 564 3812 224
581 3759 600 3814 f.
620 3759 667 3812 72¹³
681 3758 794 3827 einlage
812 3758 842 3811 in
862 3775 950 3814 verso.
987 3759 1117 3826 concept.

198 3883 588 3968 E'ntschuldigung‚
612 3885 707 3948 dass
730 3906 770 3948 er
794 3885 868 3947 mit
891 3905 1060 3968 grauem
1085 3882 1222 3949 baare
1246 3887 1356 3952 noch

704 3991 836 4054 liebt.

284 4131 399 4215 Recepi
431 4131 481 4194 bis
512 4131 622 4194 diebus
652 4130 770 4194 indices
793 4129 969 4194 inconcussi
994 4129 1110 4192 amoris
1133 4134 1227 4208 tuas,
1263 4154 1358 4195 vene-

196 4236 292 4299 rande
315 4236 434 4313 frater‚
456 4234 565 4298 literas
593 4236 800 4317 perioonndas
835 4239 866 4297 et
898 4239 987 4297 tanto
1022 4235 1148 4316 quidem
1173 4233 1358 4313 iocundius,

762 4322 779 4359 ’l‘

268 4406 359 4462 lcod.
380 4406 521 4464 not-iciam.
589 4407 731 4461 2Datum
751 4407 808 4460 und
829 4407 940 4461 adresse
959 4407 1094 4462 unsiober.
1131 4405 1263 4461 Letztere
1285 4409 1358 4463 nach
